@article{expret,
	url = {http://dx.doi.org/10.1561/1500000024},
	year = {2012},
	volume = {6},
	journal = {Foundations and Trends® in Information Retrieval},
	title = {Expertise Retrieval},
	doi = {10.1561/1500000024},
	issn = {1554-0669},
	number = {2–3},
	pages = {127-256},
	author = {Krisztian Balog and Yi Fang and Maarten de Rijke and Pavel Serdyukov and Luo Si}
}
@article{nasir,
	year = {2007},
	volume = {07},
	journal = {IEEE Virtual Reality Conference},
	title = {Laparoscopic virtual mirror new interaction paradigm for monitor based augmented reality},
	pages = {43–50},
	author = {Nassir Navab, Marco Feuerstein, and Christoph Bichlmeier}
}
@article{Piekarski,
	year = {2002},
	volume = {45(1)},
	journal = {Communications of the ACM},
	title = {Arquake: the outdoor augmented reality gaming system},
	pages = {36–38},
	author = {Wayne Piekarski and Bruce Thomas}
}
@article{Fjeld,
	year = {2002},
	volume = {45(1)},
	journal = {Mixed and Augmented Reality , ISMAR},
	title = {Augmented chemistry: An interactive educational workbench},
	pages = {259–321},
	author = {Morten Fjeld and Benedikt M. Voegtli}
}
@article{Brooker,
	year = {2007},
	volume = {5(2)},
	journal = {Early Popular Visual Culture},
	title = {The polytechnic ghost: Pepper’s ghost, metempsychosis and the magic lantern at the royal polytechnic institution},
	pages = {189–206},
	author = {Jeremy Brooker}
}
@article{Sutherland,
	year = {1964},
	journal = {ACM, In Proceedings of the SHARE design automation workshop},
	title = {Sketch pad a man-machine graphical communication system},
	pages = {6–329},
	author = {Ivan E. Sutherland}
}
@article{Sutherland2,
	year = {1968},
	journal = {ACM, In Proceedings of the December 9-11, 1968, fall joint computer conference},
	title = {A head-mounted three dimensional display},
	pages = {757–764},
	author = {Ivan E. Sutherland}
}
@article{Furness,
	year = {1969},
	journal = {Technical Report TR-69-241, Wright-Patterson Air Force Bose, OH: U.S. Air Force Avionics Laboratory},
	title = {The application of head-mounted displays to airborne reconnaissance and weapon delivery},
	author = {Thomas A. Furness}
}
@article{Furness2,
	year = {1986.},
	volume = {30(1)},
	journal = {Proceedings of the Human Factors and Ergonomics Society Annual Meeting},
	title = {The super cockpit and its human factors challenges},
	pages = {48–52},
	author = {Thomas A. Furness}
}
@article{ismar,
	year = {2018.},
	journal = {IEEE Transactions on Visualization and Computer Graphics},
	title = {Revisiting Trends in Augmented Reality Research: A Review of the 2nd Decade of ISMAR (2008–2017)},
	author = {Kangsoo Kim, Mark Billinghurst, Gerd Bruder, Henry Been-Lirn Duh, Gregory F. Welch}
}
@article{Azuma,
	year = {1992},
	volume = {6},
	journal = {Teleoperators and Virtual Environments},
	title = {A Survey of Augmented Reality},
	issn = {1054-7460},
	number = {4},
	pages = {355-385},
	author = {Ronald T. Azuma}
}
@article{Rekimoto,
	year = {1995.},
	journal = {ACM, In Proceedings of the 8th annual ACM symposium on User interface and software technology},
	title = {The world through the computer: Computer augmented interaction with real world environments},
	pages = {29–36},
	author = {Jun Rekimoto and Katashi Nagao}
}
@article{Milgram,
	year = {1994},
	volume={77},
	journal = {IEICE TRANSACTIONS on Information and Systems},
	title = {taxonomy of mixed reality visual displays},
	number={12},
	pages = {1321–1329},
	author = {Paul Milgram and Fumio Kishino}
}
@article{Mann,
	year = {1994},
	journal = {Technical Report MIT-ML Percom TR-260, University of Toronto},
	title = {Mediated reality},
	author = {Steve Mann}
}
@article{Julie,
	year = {2011},
	journal = {Springer Science+Business Media},
	title = {Augmented reality technologies, systems and applications},
	pages ={346-350},
	author = {Julie Carmigniani & Borko Furht & Marco Anisetti & Paolo Ceravolo & Ernesto Damiani & Misa Ivkovic}
}
@article{Bimber,
	year = {2007},
	journal = {SIGGRAPH 2007},
	title = {Spatial Augmented Reality},
	author = {O Bimber, R Raskar, M Inami}
}
@article{Rekimoto,
	year = {1995},
	journal = {8th annual ACM symposium on User interface and software technology},
	title = {The world through the computer: Computer augmented interaction with real world environments},
	pages = {29–36},
	author = {Jun Rekimoto and Katashi Nagao}
}
@article{Bowman,
	year = {2004},
	journal = {Addison-Wesley},
	title = {3D user interfaces: theory and practice},
	author = {Doug A Bowman, Ernst Kruijff, Joseph J. LaViola Jr, and Ivan Poupyrev}
}
@article{Kato,
	year = {2000},
	journal = {Augmented Reality, 2000.(ISAR 2000). Proceedings. IEEE and ACM International Symposium},
	title = {Virtual object manipulation on a table-top ar environment},
	pages ={111–119},
	author = {Hirokazu Kato, Mark Billinghurst, Ivan Poupyrev, Kenji Imamoto, and Keihachiro Tachibana}
}
@article{Lee,
	year = {2010},
	volume={51},
	journal = {The International Journal of Advanced Manufacturing Technology},
	title = {Hand gesture-based tangible interactions for manipulating virtual objects in a mixed reality environment},
	pages ={1069–1082},
	author = {Jae Yeol Lee, Gue Won Rhee, and Dong Woo Seo}
}
@article{Lee2,
	year = {2013},
	volume={17},
	journal = {Virtual Reality},
	title = {A usability study of multimodal input in an augmented reality environment},
	number = {4},
	pages ={293–305},
	author = {Minkyung Lee, Mark Billinghurst, Woonhyuk Baek, Richard Green, and Woontack Woo}
}
@article{Billinghurst,
	year = {2015},
	volume={8},
	journal = {Found. Trends® Human–Computer Interact},
	title = {A Survey of Augmented Reality},
	number = {2-3},
	pages ={73–272},
	author = {M. Billinghurst, A. Clark, and G. Lee}
}
@article{Tian,
	year = {2015},
	volume={156},
	journal = {Neurocomputing},
	title = {Handling occlusions in augmented reality based on 3D reconstruction method},
	pages ={96–104},
	author = {Y. Tian, Y. Long, D. Xia, H. Yao, and J. Zhang}
}
@article{Kiyokawa,
	year = {2001},
	volume={25},
	journal = {Comput. Graph},
	title = {An optical see-through display for mutual occlusion with a real-time stereovision system},
	number = {5},
	pages ={765–779},
	author = {K. Kiyokawa, Y. Kurata, and H. Ohno}
}
@article{Raskar,
	year = {2001},
	journal = {S. J. Gortler and K. Myszkowski, Eds. Vienna: Springer Vienna},
	title = {Shader Lamps: Animating Real Objects With Image-Based Illumination},
	pages ={89–102},
	author = {R. Raskar, G. Welch, K.-L. Low, and D. Bandyopadhyay}
}
@article{Mistry,
	year = {2009},
	journal = {in ACM SIGGRAPH ASIA 2009 Sketches on - SIGGRAPH ASIA},
	title = {SixthSense: A Wearable Gestural Interface},
	pages ={1},
	author = {P. Mistry and P. Maes}
}
@article{krum2012augmented,
	title={Augmented reality using personal projection and retroreflection},
	author={Krum, David M and Suma, Evan A and Bolas, Mark},
	journal={Personal and Ubiquitous Computing},
	volume={16},
	number={1},
	pages={17--26},
	year={2012},
	publisher={Springer-Verlag}
}
@book{siltanen2012theory,
	title={Theory and applications of marker-based augmented reality},
	author={Siltanen, Sanni},
	year={2012},
	publisher={VTT}
}
@inproceedings{caudell1992augmented,
	title={Augmented reality: An application of heads-up display technology to manual manufacturing processes},
	author={Caudell, Thomas P and Mizell, David W},
	booktitle={Proceedings of the twenty-fifth Hawaii international conference on system sciences},
	volume={2},
	pages={659--669},
	year={1992},
	organization={IEEE}
}

@article{feiner1993knowledge,
	title={Knowledge-based augmented reality},
	author={Feiner, Steven and Macintyre, Blair and Seligmann, Dor{\'e}e},
	journal={Communications of the ACM},
	volume={36},
	number={7},
	pages={53--62},
	year={1993}
}
@article{bajura1992merging,
	title={Merging virtual objects with the real world: Seeing ultrasound imagery within the patient},
	author={Bajura, Michael and Fuchs, Henry and Ohbuchi, Ryutarou},
	journal={ACM SIGGRAPH Computer Graphics},
	volume={26},
	number={2},
	pages={203--210},
	year={1992},
	publisher={ACM}
}






@ARTICLE{Vahedi87,
	AUTHOR =  {واحدی, مصطفی},
	TITLE =  {درختان پوشای کمینه دورنگی مسطح},
	JOURNAL =  {مجله فارسی نمونه},
	VOLUME =  {1},
	YEAR =  {1387},
	NUMBER =  {2},
	MONTH =  {آبان},
	PAGES =  {22-30},
	LANGUAGE =   {Persian}
}
